@book{checkland1990soft,
  title={Soft systems methodology in action},
  author={Checkland, Peter and Scholes, Jim},
  volume={7},
  year={1990},
  publisher={Wiley Chichester}
}
@book{checkland2006learning,
  title={Learning for action: a short definitive account of soft systems methodology and its use for practitioner, teachers, and students},
  author={Checkland, Peter and Poulter, John},
  volume={26},
  year={2006},
  publisher={Wiley Chichester}
}
@book{checkland1999systems,
  title={Systems thinking, systems practice: includes a 30-year retrospective},
  author={Checkland, Peter},
  year={1999},
  publisher={$\{$John Wiley \& Sons$\}$}
}
@incollection{dijkstra1982role,
  title={On the role of scientific thought},
  author={Dijkstra, Edsger W},
  booktitle={Selected Writings on Computing: A Personal Perspective},
  pages={60--66},
  year={1982},
  publisher={Springer}
}
@book{fowler2002patterns,
  title={Patterns of enterprise application architecture},
  author={Fowler, Martin},
  year={2002},
  publisher={Addison-Wesley Longman Publishing Co., Inc.}
}
@book{hohpe2004enterprise,
  title={Enterprise integration patterns: Designing, building, and deploying messaging solutions},
  author={Hohpe, Gregor and WOOLF, BOBBY AUTOR},
  year={2004},
  publisher={Addison-Wesley Professional}
}
